2084 2780
498 681 936 726 AOADEMIAE
996 677 1575 723 MARBURGENSIS

145 814 944 880 Pfflefflffleffeffl
1031 812 1294 877 &ium
1386 809 1903 876 §QNAQNU

445 961 1031 993 COMMILITONIBUS
1083 956 1597 991 DILECTISSIMIS

931 1090 965 1114 S·
1005 1088 1038 1114 P.
1085 1088 1122 1113 Ι).

294 1355 404 1405 (jum
439 1379 499 1414 per
532 1366 672 1402 hiemem
703 1369 775 1402 anni
811 1368 953 1414 proximi
986 1365 1209 1401 MDCCCLIII
1242 1364 1378 1400 Londini
1413 1364 1592 1409 degerem,
1632 1362 1800 1408 aditusque
1833 1361 1907 1396 fere

150 1429 353 1478 quotidianus
388 1428 429 1463 ad
463 1428 565 1463 libros
599 1431 702 1463 musei
735 1429 912 1463 Britannici
947 1430 1186 1474 manuscriptos
1222 1432 1254 1462 et
1287 1426 1467 1461 orientales
1505 1430 1537 1460 et
1572 1424 1795 1459 occidentales
1821 1423 1908 1458 haud

150 1494 270 1537 exigua
298 1490 476 1526 studiorum
502 1493 701 1525 incrementa
728 1491 804 1525 mihi
827 1492 971 1533 afferret,
1000 1490 1097 1524 incidi
1124 1492 1156 1524 in
1184 1489 1330 1524 codicem
1350 1487 1591 1530 Cottoniannm,
1620 1498 1715 1532 quum
1742 1486 1907 1530 elegantia

148 1558 399 1598 tunrvetustate
424 1555 607 1598 insignem,
635 1555 686 1598 qui
720 1558 852 1599 praeter
876 1553 976 1587 latina
1002 1552 1163 1599 quaedam
1189 1551 1296 1586 medio
1324 1550 1459 1585 saeculo
1482 1551 1603 1595 scripta
1628 1559 1723 1582 unum
1747 1547 1908 1582 Psalmum

150 1615 426 1653 celeberrimum..
454 1617 757 1662 quinquagesinum
784 1618 934 1662 primum7
962 1616 1107 1649 carmine
1134 1613 1397 1657 anglosaxonico
1425 1612 1617 1646 illustratum
1646 1612 1798 1644 continet.

292 1676 396 1712 Vetus
423 1680 508 1711 enim
533 1677 655 1721 Anglia
674 1682 806 1723 praeter
834 1678 945 1723 plures
969 1678 1209 1711 conversiones
1236 1674 1487 1715 interlineares,
1514 1683 1648 1719 quarum
1672 1683 1734 1706 una
1762 1683 1780 1705 a
1807 1670 1911 1717 Spel-

150 1750 268 1773 manno
310 1738 394 1773 edita
440 1744 515 1783 est,
561 1741 657 1773 etiam
695 1741 879 1773 continuam
925 1740 1065 1773 omnium
1104 1737 1307 1772 Psalmorum
1351 1738 1651 1782 interpretationem
1693 1732 1908 1768 vernaculam

150 1800 312 1843 habebat,
347 1803 437 1846 cujus
464 1813 541 1848 pars
568 1803 657 1847 prior
684 1800 829 1847 pedestri
856 1803 1025 1843 oratione,
1060 1800 1161 1834 altera
1191 1798 1266 1833 inde
1294 1810 1311 1833 a
1338 1798 1468 1833 Psalmo
1496 1796 1606 1839 Ludo,
1641 1797 1694 1842 qui
1729 1794 1909 1830 secundum

150 1862 315 1908 Vulgatae
341 1862 530 1897 numerandi
559 1862 826 1897 consuetudinem
854 1862 898 1896 ihi
932 1867 1099 1897 servatam
1126 1861 1226 1895 LI¹¹¹¹¹⁸
1257 1866 1326 1903 est,
1354 1860 1534 1906 rhythmico
1569 1869 1722 1893 sermone
1758 1856 1909 1891 decurrit.

153 1924 245 1967 Quae
270 1930 381 1972 partes
418 1936 489 1958 cum
515 1930 546 1959 et
579 1930 713 1958 auctore
747 1929 779 1958 et
805 1929 912 1958 aetate
947 1923 1117 1966 differant,
1157 1928 1190 1957 ut
1224 1923 1288 1957 alio
1322 1923 1396 1956 loco
1420 1934 1436 1955 a
1472 1934 1524 1956 me
1564 1925 1613 1954 est
1641 1919 1910 1959 demonstratum,

154 1997 329 2032 earumque
367 1988 530 2032 posterior
564 1987 729 2032 multoque
764 1988 983 2032 praestantior
1024 1987 1196 2030 antiquiori
1233 1984 1359 2018 cuidam
1394 1985 1540 2018 versioni
1577 1981 1617 2016 ab
1653 1983 1742 2015 initio
1780 1979 1911 2013 mutilae

154 2047 322 2082 tribuenda
348 2051 409 2090 sit,
449 2050 634 2093 quaeritur,
669 2060 745 2082 num
772 2050 849 2082 initii
874 2048 966 2092 hujus
994 2047 1155 2093 deperditi
1190 2049 1330 2091 vestigia
1350 2048 1537 2092 supersint,
1574 2054 1678 2089 eaque
1706 2043 1820 2076 lacuna
1849 2041 1911 2074 hoc

154 2109 279 2156 psalmo
306 2110 487 2155 rhythmico
513 2110 716 2155 aliquatenus
743 2110 953 2156 suppleatur3
990 2108 1076 2155 quod
1102 2114 1135 2142 ut
1174 2108 1341 2153 dijudicari
1367 2110 1470 2154 possit
1497 2105 1655 2140 edendum
1685 2115 1757 2138 eum
1785 2104 1910 2143 censui,

155 2171 270 2206 Saltem
288 2177 320 2206 ut
345 2183 540 2218 comparare
558 2183 630 2205 eum
648 2172 746 2205 liceat
764 2183 836 2206 cum
862 2172 924 2205 illis
936 2197 946 2214 ,
972 2182 1052 2217 quos
1067 2170 1243 2216 Thorpius,
1274 2172 1432 2215 egregius
1446 2169 1501 2205 ille
1516 2173 1561 2202 tot
1579 2166 1910 2212 anglosaxonicorum

156 2233 261 2268 editor
286 2233 523 2275 thesaurorum,
551 2235 729 2268 eommunis
755 2234 833 2277 juris
860 2233 947 2267 fecit.

300 2293 423 2328 Verum
442 2296 537 2328 etiam
563 2306 624 2340 per
649 2306 686 2328 se
712 2295 795 2329 haec
821 2294 1024 2329 cantiuncula
1050 2304 1116 2328 non
1142 2293 1274 2338 indigna
1300 2293 1486 2335 videbatur,
1515 2302 1598 2337 quae
1625 2289 1731 2336 palam
1754 2287 1911 2334 prodiret,

156 2367 221 2390 non
248 2355 343 2389 modo
369 2361 543 2401 propterea
570 2356 657 2402 quod
684 2367 827 2402 poeseos
853 2356 993 2391 biblicae
1018 2356 1103 2402 apud
1121 2356 1381 2400 Anglosaxones
1400 2355 1565 2389 historiam
1593 2356 1690 2396 auget
1707 2355 1738 2383 et
1762 2349 1911 2389 illustrat,

157 2418 216 2452 sed
236 2421 330 2453 etiam
351 2417 437 2464 quod
454 2419 651 2464 peculiarem
671 2419 830 2466 quandam
845 2431 983 2466 eamque
1001 2424 1162 2454 vetustam
1179 2418 1313 2463 linguae
1333 2429 1444 2452 eorum
1462 2416 1751 2493 consommatiolnffn
1769 2408 1911 2444 exhibet.
