2084 2780
1845 164 1921 200 XIII

164 250 209 292 Im
230 254 294 282 eart
313 249 418 282 scotice
461 253 541 283 simle
562 253 648 291 hang,
1098 254 1140 284 Tu
1161 263 1193 285 es
1216 263 1281 286 vere
1303 264 1418 294 semper
1439 260 1571 295 5330135,

163 309 218 339 3311
241 307 277 339 du
299 312 362 339 eart
382 311 437 340 333
479 312 528 340 ece
548 310 678 347 dryhtem
1097 315 1127 342 tu
1150 322 1182 342 es
1203 314 1282 342 solus
1306 318 1440 344 aeternus
1455 314 1596 353 dominus,

163 367 219 398 and
241 365 277 397 ὁ3
299 369 354 397 ana
377 367 435 397 bist
475 368 564 397 031113
588 368 670 397 denia
1097 373 1126 400 et
1147 375 1177 400 tu
1200 372 1279 401 solus
1298 373 1354 401 eris
1377 372 1502 401 omnium
1517 372 1607 410 judex

163 433 268 455 evucra
289 433 324 461 ge
347 425 467 464 11031113,
489 426 564 455 Crist
582 425 718 462 nergend,
1097 432 1127 458 et
1148 430 1276 459 vivorum
1297 433 1326 459 et
1347 434 1540 469 mortuorum,
1564 432 1676 462 Christe
1697 436 1838 472 servator,

160 482 263 513 1011133
287 482 322 513 ou
345 492 381 513 on
401 481 528 518 orynnue
550 485 656 513 ricsast
675 484 730 514 31111
747 493 782 515 011
797 482 924 514 oriuesse
970 487 1009 514 40
1095 495 1162 517 nam
1186 490 1216 516 tu
1238 489 1266 517 in
1286 489 1439 525 maJestate
1463 488 1618 519 dominaris
1640 493 1669 520 et
1686 492 1715 521 in
1739 493 1868 523 trinitate

161 541 216 570 and
238 549 274 571 on
296 543 419 571 3330550
462 541 549 571 ealles
571 541 702 576 valdend,
1096 547 1124 574 et
1145 546 1173 574 in
1195 546 1322 584 unitate,
1345 547 1470 576 omnium
1488 546 1674 586 gubernator,

160 599 276 630 hiofena
296 599 485 637 heahcyninc‚
508 599 620 636 haliges
643 601 742 637 gnstes
1094 603 1238 633 coelorum
1262 604 1319 633 alte
1340 612 1406 642 rex,
1429 606 1531 634 sancto
1554 606 1658 642 spiritu

160 657 256 694 fegere
276 656 397 693 gefelled
420 658 448 687 in
470 656 550 687 feder
576 657 683 689 vuldre.
1092 662 1206 698 egregie
1228 662 1370 701 repletus,
1392 664 1420 693 in
1440 662 1535 692 Patris
1556 663 1654 699 gloria.

301 1008 391 1043 Haec
416 1008 513 1043 habui
540 1019 625 1055 quae
662 1018 681 1042 e
709 1007 825 1042 codice
849 1007 955 1042 Musei
989 1007 1161 1043 britannici
1195 1008 1326 1056 publice
1360 1009 1557 1056 proferrem.
1618 1010 1691 1045 Jam
1724 1013 1915 1059 appendicis

158 1070 233 1105 loco
259 1070 394 1105 accedat
421 1081 541 1116 prosae
559 1071 729 1112 orationis,
749 1069 852 1115 qualis
878 1070 1013 1105 saeculo
1036 1082 1124 1105 nono
1143 1071 1227 1117 apud
1246 1071 1505 1116 Anglosaxones
1533 1073 1915 1118 eosqueWestsaxones

159 1137 249 1176 erat,
276 1134 443 1179 specimen
470 1143 590 1167 novum
617 1133 765 1178 quamvis
792 1134 957 1177 exiguum.
1007 1132 1081 1167 Non
1107 1133 1194 1179 quod
1220 1135 1345 1168 insueta
1371 1134 1469 1168 multa
1496 1137 1672 1179 contineat,
1700 1136 1760 1171 sed
1786 1143 1820 1172 ut
1844 1150 1915 1174 cum

156 1193 430 1242 praecedentibus
457 1193 554 1228 dictio
580 1193 838 1229 Westsaxonica
854 1193 950 1240 paulo
970 1197 1136 1229 recentior
1153 1195 1356 1242 aliquatenus
1375 1199 1560 1243 comparari
1577 1203 1686 1243 queat,
1713 1201 1915 1245 potissimum

157 1262 266 1291 tamen
290 1267 333 1290 ne
357 1255 432 1290 libri
457 1258 665 1302 manuscripti
691 1256 943 1301 anglosaxonici
968 1258 1000 1290 in
1027 1258 1163 1303 patriam
1187 1263 1332 1292 nostram
1372 1258 1449 1292 olim
1482 1258 1571 1294 allati
1604 1264 1720 1306 pereat
1753 1260 1915 1298 diutiusve

156 1318 326 1353 delitescat
354 1319 523 1352 memoria.

300 1378 509 1414 Clarissimus
525 1379 760 1423 Bernhardius,
788 1379 1007 1414 bibliothecae
1022 1379 1235 1415 Cassellanae
1254 1380 1457 1426 praefectus,
1482 1382 1596 1417 solium
1615 1382 1914 1430 membranaceum,

157 1442 243 1488 quod
268 1441 352 1476 libro
378 1440 555 1486 integendo
576 1440 751 1475 adhibitum
771 1441 889 1486 fuerat,
917 1441 1075 1477 Cassellis
1090 1443 1227 1484 invenit,
1255 1444 1345 1487 cujus
1366 1448 1538 1490 utrumque
1554 1445 1638 1480 latus
1657 1445 1913 1482 cohortationem

156 1503 294 1550 aliquam
320 1503 533 1550 spiritualem,
560 1503 822 1548 anglosaxonice
843 1506 998 1551 scriptam
1027 1506 1179 1539 continet.
1229 1505 1412 1540 Literarum
1432 1506 1546 1541 ductus
1564 1507 1699 1542 saeculo
1717 1520 1805 1544 3030
1820 1515 1914 1544 recte

156 1564 273 1600 dudum
309 1564 480 1610 adjudicati
514 1570 615 1599 erant.
673 1564 832 1600 Contenta
867 1578 927 1613 pro
963 1566 1148 1611 fragmento
1180 1567 1334 1602 homiliae
1368 1569 1542 1613 anglosax.
1571 1568 1699 1613 habita,
1738 1571 1800 1606 alia
1835 1583 1912 1608 esse

156 1630 321 1672 cognovi,
360 1639 433 1661 cum
467 1631 542 1661 ante
573 1628 635 1661 iter
651 1626 872 1671 Anglicanum
899 1627 1068 1664 Cassellas
1106 1631 1293 1671 venissem,
1337 1630 1516 1676 foliumque
1543 1630 1620 1664 illud
1647 1642 1665 1664 3
1692 1632 1913 1669 celeberrimo

155 1688 374 1724 bibliothecae
401 1688 625 1734 gubernatore
650 1688 795 1734 benigne
819 1690 895 1724 mihi
923 1695 1090 1725 ostensum
1118 1696 1215 1725 esset.
1265 1692 1346 1726 Pars
1374 1694 1459 1726 enim
1487 1698 1536 1726 est
1569 1692 1642 1736 libri
1667 1692 1910 1731 Pastoralis

155 1750 204 1785 Sti
231 1750 438 1795 Gregorii
465 1750 506 1785 ab
533 1750 676 1785 Alsredo
701 1753 773 1798 ipso
801 1752 1061 1797 anglosoxonice
1087 1755 1266 1796 conversi,
1308 1766 1390 1800 quae
1427 1754 1526 1788 latine
1552 1754 1673 1799 legitur
1697 1757 1730 1790 in
1756 1756 1911 1802 Gregorii

155 1812 237 1859 Opp.
265 1812 337 1859 (ed.
363 1813 465 1847 Paris.
494 1812 608 1859 1705]
642 1813 746 1848 Tomo
772 1813 802 1848 II
832 1826 862 1861 p.
888 1814 934 1849 '76
968 1814 997 1849 D
1025 1826 1127 1861 usque
1155 1815 1194 1849 ad
1220 1827 1250 1862 p.
1279 1815 1325 1849 77
1352 1816 1403 1859 A,
1439 1819 1513 1850 sive
1538 1816 1716 1852 Pastoralis
1749 1824 1842 1865 parte
1865 1819 1911 1854 111

155 1886 226 1921 cap.
253 1873 299 1908 25
327 1880 470 1909 exeunte
496 1879 528 1908 et
553 1886 581 1908 c.
607 1874 665 1909 26.
691 1876 833 1911 ineunte.

297 1935 403 1972 Locus
430 1936 584 1981 Gregorii
608 1938 719 1983 incipit
745 1937 794 1971 his
820 1936 953 1972 verbis:
990 1937 1093 1983 „Cum
1120 1938 1225 1972 factus
1253 1943 1342 1973 esset
1368 1949 1526 1973 annorum
1554 1939 1727 1974 duodecim
1753 1944 1909 1977 remansit

155 2008 237 2044 puer
261 1997 359 2033 Jesus
384 2000 417 2033 in
442 1997 635 2032 Jerusalem.
688 1999 739 2033 De
765 2010 827 2045 quo
856 2011 873 2033 a
899 2000 1088 2046 parentibus
1116 2002 1271 2046 requisito
1297 2000 1395 2046 paulo
1420 2006 1493 2046 post
1519 2000 1682 2036 subditur:
1708 2002 1909 2039 Invenerunt

152 2058 242 2094 villum
266 2061 299 2094 in
325 2060 446 2107 templo
473 2059 643 2095 sedentem
671 2062 703 2094 in
728 2061 837 2095 medio
866 2061 1034 2096 doctorum
1061 2061 1246 2096 audientem
1272 2062 1346 2096 illos
1373 2067 1404 2096 et
1437 2064 1703 2108 interrogantem.
1752 2064 1907 2110 Vigilanti

155 2122 252 2165 igitur
277 2122 540 2157 consideratione
565 2121 769 2168 pensandum
797 2123 868 2157 0514ί
897 2149 904 2157 .
939 2150 946 2157 .
997 2128 1028 2157 01
1054 2125 1095 2158 113
1123 2123 1230 2158 finitur
1258 2128 1376 2169 „atque
1402 2124 1497 2159 aliter
1523 2127 1575 2172 qui
1602 2136 1642 2160 03
1669 2125 1796 2173 quidem
1822 2138 1907 2173 quae

155 2181 262 2217 mundi
286 2189 360 2218 sunt
384 2185 618 2230 concupiscunt
642 2183 702 2219 sed
728 2189 836 2218 tamen
863 2183 1070 2218 adversitatis
1096 2184 1213 2219 labore
1239 2185 1446 2229 fatigantur&

295 2244 414 2280 Postea
440 2247 471 2279 in
502 2245 659 2290 Angliam
692 2246 861 2292 profectus
895 2257 967 2280 cum
995 2246 1145 2280 Oxoniae
1177 2257 1401 2281 commorarer
1434 2249 1466 2282 in
1501 2247 1697 2283 bibliotheca
1723 2249 1904 2297 BodleJana

155 2304 302 2339 codicem
327 2306 552 2342 Hattonianum
578 2307 626 2341 88
651 2307 735 2351 adii,
760 2309 812 2353 qui
838 2307 1017 2342 Pastor-alis
1043 2310 1231 2343 versionem
1260 2308 1488 2343 Alfredianam
1513 2309 1654 2345 nondum
1681 2310 1800 2347 editam
1820 2325 1904 2348 con-

155 2369 253 2410 tinet,
290 2373 498 2415 nostramque
529 2381 601 2404 cum
627 2369 681 2404 illa
714 2371 747 2405 in
778 2369 925 2404 omnibus
959 2372 1185 2404 concinentem
1223 2376 1409 2417 compertus
1435 2382 1527 2416 sum,
1567 2374 1721 2417 exiguam
1754 2374 1903 2410 lectionis

155 2430 347 2463 varietatem
369 2432 491 2465 notavi.
539 2431 674 2476 Legitur
699 2430 743 2465 ibi
767 2431 859 2466 locus
875 2437 988 2466 noster
1012 2432 1069 2467 fol.
1096 2431 1171 2467 73b.
1206 2431 1269 2466 Ubi
1294 2432 1511 2478 fragmentum
1528 2432 1754 2470 Cassellanum
1772 2436 1901 2484 desinit,

156 2488 260 2525 addidi
285 2491 440 2526 nonnulla
466 2503 486 2526 e
511 2492 626 2528 codice
652 2493 869 2537 Hattoniano,
896 2504 980 2539 quae
1007 2498 1085 2540 typo
1114 2493 1342 2539 distinguenda
1370 2498 1494 2530 curavi.

1636 2559 1685 2593 22
