2084 2780
1879 177 1910 213 V

155 269 279 306 saeculi
304 271 381 305 noni
407 271 488 317 parti
517 270 669 304 convenit
697 270 878 316 scriptura,
904 270 1041 315 figuram
1069 270 1153 304 enim
1180 270 1341 305 uncialem
1369 273 1563 318 saepissime
1589 283 1621 314 a,
1647 282 1691 315 m,
1718 284 1735 307 s
1758 275 1909 309 retinent.

155 332 236 367 Cum
258 332 360 367 libelli
386 331 485 366 ultimi
511 336 604 366 autor
628 331 725 366 suerit
743 331 988 366 Cantuariensis
1014 336 1046 366 et
1072 332 1166 378 paulo
1185 337 1260 366 ante
1289 335 1320 367 iu
1351 344 1481 380 „penne
1499 332 1715 380 probatione“
1736 334 1908 379 Augustini

155 395 399 430 Cantuariensis
421 393 574 428 auxilium
597 394 805 440 imploretur,
833 393 963 428 scribae
979 396 1128 441 patriam,
1156 393 1186 428 id
1208 394 1293 439 quod
1313 397 1419 439 magni
1439 397 1590 430 momenti
1612 401 1674 438 est,
1701 395 1909 433 Cantuariam

156 459 260 492 fuisse
285 460 430 504 apparet.
481 455 574 490 Unde
600 458 672 490 veri
698 456 804 490 simile
830 460 900 499 est,
940 456 1079 490 eandem
1107 457 1258 490 carminis
1292 458 1393 490 nostri
1421 459 1556 502 patriam
1584 469 1681 501 esse,
1716 462 1908 505 praesertim

156 530 228 554 cum
255 518 364 564 lingua
391 518 462 562 ejus
488 517 660 552 dialectum
688 529 706 552 a
734 520 893 552 communi
910 517 1170 552 Westsaxonum
1199 517 1364 552 diversam
1390 518 1519 564 prodat,
1546 530 1631 565 quae
1656 531 1722 555 non
1747 522 1851 555 minus
1877 524 1908 556 in

156 580 375 628 praecedente
401 581 550 615 oratione
577 580 758 626 rhythmica
787 585 819 614 et
847 580 1061 624 chronologia
1083 578 1290 614 observatur.

299 641 393 683 Quae
417 643 450 676 in
476 646 682 677 monumento
716 646 829 676 nostro
863 641 1000 676 habetur
1023 642 1157 686 linquae
1191 643 1387 686 proprietas
1424 644 1571 686 congruit
1610 654 1681 677 cum
1718 644 1822 679 forma
1856 645 1910 680 illa

157 715 239 750 quae
266 707 316 738 est
342 705 373 738 in
392 704 560 738 [senticae
585 703 713 738 dialecti
737 704 883 749 reliquiis
912 706 996 737 inter
1020 702 1194 749 diplomata
1216 708 1345 738 vetusta
1365 706 1517 738 servatis.
1568 705 1680 740 Omnis
1698 705 1909 741 dialectorum

155 767 300 800 varietas
334 767 534 812 potissimum
567 769 598 801 iu
633 766 796 800 vocalium
833 766 1114 812 pronuntiatione,
1162 771 1194 799 ut
1232 767 1263 800 in
1299 765 1489 811 quibusdam
1523 766 1637 802 formis
1673 768 1910 814 vocabulisque

154 830 296 875 propriis
323 829 530 874 conspicitur.
580 827 702 861 Prioris
729 827 843 862 saltem
871 828 1006 872 generis
1031 829 1216 873 proprietas
1242 827 1325 862 haud
1353 831 1474 873 exigua
1502 830 1533 862 in
1568 829 1759 876 paraphrasi
1798 836 1908 865 nostra

154 890 197 924 uti
211 891 287 924 etin
302 891 450 924 oratione
472 889 601 933 „Vuton
620 889 794 923 vuldrian“
824 894 855 923 et
880 891 911 923 in
937 888 1151 933 chronologia
1180 889 1277 924 modo
1303 890 1387 924 dicta
1413 892 1444 924 in
1464 891 1577 926 oculos
1596 892 1739 926 incurrit.
1777 892 1911 937 Legitur

156 953 240 986 enim
261 963 306 994 .e‚
331 950 384 985 ubi
410 951 559 996 vulgaris
585 951 847 986 Westzaxonum
883 950 1040 985 dialectus
1075 951 1207 985 admittit
1234 963 1253 985 e
1279 952 1469 998 plerumque
1496 959 1601 987 tamen
1628 953 1726 987 habet
1750 965 1794 1000 y,
1832 953 1909 988 illud

156 1024 175 1048 e
201 1013 252 1048 hic
277 1018 352 1048 tunc
377 1023 506 1059 quoque
532 1016 770 1059 pronuntiatum
798 1018 846 1047 est
873 1024 945 1046 cum
972 1024 995 1058 y
1019 1015 1243 1048 necessarium
1272 1019 1341 1048 erat
1357 1013 1408 1060 ‘];
1443 1015 1536 1049 simili
1564 1016 1689 1049 ratione
1715 1015 1784 1049 fieri
1811 1016 1908 1058 solet,

155 1080 188 1109 ut
214 1078 233 1109 e
260 1073 384 1109 dicatur
409 1086 473 1109 non
500 1075 604 1109 solum
642 1087 703 1121 pro
730 1076 860 1120 vulgari
887 1086 949 1117 ae,
988 1074 1047 1109 sed
1086 1076 1181 1109 etiam
1215 1087 1276 1121 pro
1311 1078 1472 1110 communi
1499 1075 1587 1122 52),
1626 1088 1696 1111 cum
1731 1079 1910 1112 constantia

155 1139 254 1182 igitur
280 1136 416 1182 quadam
442 1147 542 1172 sonus
568 1136 596 1171 E
622 1139 696 1172 sive
722 1137 835 1172 brevis
862 1139 935 1171 sive
961 1136 1138 1184 productus
1166 1137 1237 1172 aliis
1264 1137 1460 1183 praefertur.
1502 1138 1576 1172 Alia
1596 1139 1756 1184 quaedam
1783 1139 1904 1186 procli—

154 1201 261 1242 vitas,
287 1210 372 1245 quae
397 1200 429 1233 in
454 1198 626 1234 vocalibus
653 1201 741 1246 puris
768 1198 940 1234 servandis
968 1201 1131 1242 cernitur,
1165 1211 1225 1246 per
1251 1211 1289 1234 se
1315 1200 1446 1246 quidem
1472 1200 1514 1235 ad
1540 1202 1695 1247 temporis
1722 1203 1910 1237 vetustioris

155 1265 248 1296 notas
273 1260 451 1295 referenda
476 1261 584 1296 videri
612 1263 728 1307 possit,
755 1260 814 1295 sed
841 1273 912 1295 cum
939 1272 978 1295 ea
1004 1263 1035 1294 in
1065 1260 1191 1295 boreali
1217 1267 1248 1296 et
1274 1262 1405 1296 australi
1432 1262 1580 1307 ejusdem
1597 1265 1753 1309 temporis
1771 1263 1910 1299 dialecto

155 1334 219 1358 non
246 1323 383 1369 amplius
409 1322 609 1366 dominetur,
637 1322 731 1358 simul
758 1322 950 1358 dialecticae
976 1323 1180 1357 differentiae
1206 1325 1350 1370 speciem
1375 1329 1470 1359 nacta
1496 1329 1555 1359 est.
1604 1324 1800 1371 Plerumque
1825 1327 1911 1360 enim

156 1396 174 1419 a
202 1385 289 1431 quod
314 1384 396 1419 alias
422 1387 453 1419 in
482 1396 501 1419 ο
527 1385 621 1428 abiit,
657 1390 689 1419 et
712 1388 730 1418 zi
756 1395 816 1431 pro
842 1386 972 1431 vulgari
999 1397 1038 1419 ae
1065 1385 1116 1419 hic
1143 1385 1250 1420 locum
1277 1385 1439 1432 bahem).
1466 1388 1580 1431 majori
1607 1389 1703 1421 etiam
1729 1389 1909 1422 constantia

155 1446 199 1482 10
224 1447 410 1494 profertur,
445 1447 530 1493 quod
557 1449 588 1482 in
614 1447 838 1482 northumhica
867 1447 1007 1482 dialecto
1034 1452 1083 1481 est
1109 1446 1173 1490 lU,
1212 1447 1293 1489 EU,
1331 1452 1363 1482 et
1396 1449 1427 1482 in
1462 1451 1623 1484 communi
1648 1449 1910 1484 westsaxonum

156 1508 297 1544 dictione
310 1511 373 1555 jam
389 1508 506 1544 dudum
522 1514 592 1545 erat
603 1509 676 1552 EO,
702 1508 800 1557 idque
817 1513 939 1557 pariter
951 1511 982 1544 in
997 1509 1164 1556 productis
1181 1514 1277 1555 atque
1291 1511 1323 1544 in
1344 1512 1506 1557 correptis
1527 1510 1664 1557 syllabis
1674 1510 1720 1557 4).
1771 1511 1912 1546 Formae

279 1676 314 1716 1]
338 1688 352 1706 e
375 1680 522 1707 oriundum
543 1689 579 1707 ea·
600 1688 629 1708 a:
654 1689 778 1714 gecerre,
800 1681 949 1715 gecerdan,
971 1681 1115 1714 cerrende3
1149 1680 1297 1716 sceppend,
1327 1680 1441 1715 mehtig,
1470 1680 1613 1713 elmchti37
1644 1680 1783 1714 almehtig,
1813 1681 1911 1715 mahtig

158 1725 257 1766 (sua-la
279 1729 404 1764 mealitig,
434 1731 552 1764 meante,
583 1731 632 1756 sed
653 1731 774 1757 nondum
798 1731 933 1765 almihtig,
965 1728 1058 1768 milit),
1090 1733 1156 1757 mine
1177 1731 1282 1763 aldran,
1311 1739 1344 1757 on
1367 1730 1424 1756 {ilde
1456 1726 1529 1767 (nou
1553 1730 1658 1763 yldrau,
1684 1726 1770 1766 side).
1793 1745 1831 1749 —-
1853 1730 1910 1756 ferd

157 1774 328 1816 (expeditio)
350 1779 430 1815 rulyo
454 1779 571 1813 l'ffld—
595 1781 679 1806 Porro
700 1789 749 1815 pro
773 1789 787 1807 e
809 1784 835 1807 et
856 1781 880 1807 i:
906 1781 996 1814 derne,
1019 1780 1133 1812 aierred,
1157 1780 1241 1814 geltas
1264 1777 1362 1816 (juxta
1388 1776 1492 1816 gyltas)
1515 1783 1672 1805 constanter
1694 1778 1791 1812 surges,
1815 1779 1910 1813 forge-

158 1828 233 1861 fene,
263 1828 428 1862 rorgefeness
458 1829 538 1862 setta,
569 1829 620 1856 sels
645 1826 803 1866 (nimquam
826 1827 895 1867 syli)
923 1826 1094 1856 soosestness.
1117 1844 1156 1849 —-
1185 1830 1311 1864 Denique
1332 1838 1382 1864 pro
1406 1838 1437 1862 y:
1468 1829 1574 1863 gefetde
1598 1825 1731 1865 (impleti)
1754 1828 1800 1855 54.
1824 1828 1909 1856 scolda

157 1877 204 1904 46.
221 1877 268 1910 64,
292 1877 391 1913 sceldig
414 1878 468 1912 203
491 1879 522 1905 of
541 1887 647 1906 sennum
671 1879 707 1905 39
731 1881 812 1913 infla
833 1889 913 1914 synna
939 1880 984 1907 60.
1008 1880 1055 1912 65,
1077 1888 1111 1906 on
1135 1888 1219 1906 venne
1241 1878 1288 1906 81.
1314 1878 1370 1905 158
1389 1880 1473 1912 justa
1497 1879 1601 1912 vynfest
1620 1877 1692 1911 1343
1717 1873 1789 1904 teon-e
1806 1874 1909 1915 (viles)

158 1927 196 1953 42
218 1927 344 1960 hegelens
369 1927 433 1954 145.
457 1929 631 1963 gramhegdig
655 1930 702 1957 50.
725 1930 784 1956 heht
813 1929 876 1957 101.
901 1930 999 1956 hehisut
1023 1930 1077 1962 793
1110 1930 1251 1963 godferhte
1275 1925 1369 1965 (deum
1392 1925 1528 1965 timentes)
1549 1927 1591 1953 14.
1614 1931 1732 1962 getreme
1751 1924 1908 1964 (confirma)

160 1976 215 2002 103
245 1977 380 2010 getremed
404 1976 460 2003 134
484 1978 609 2012 hlodgete
634 1978 699 2005 112.
726 1982 826 2005 snetera
852 1980 888 2005 72
913 1976 1109 2016 (sapientiae),
1141 1980 1223 2005 hretia
1246 1975 1444 2015 (oeconomus)
1469 1977 1524 2004 123
1545 1986 1596 2012 pro
1619 1978 1712 2010 brytta.
1757 1978 1788 2003 In
1810 1977 1908 2011 hymno

157 2030 266 2053 nostro:
289 2035 366 2052 senna
390 2022 591 2064 (peccatorum)
614 2028 660 2054 28.
684 2029 798 2063 gelelled
822 2025 977 2065 (impletus)
998 2028 1044 2054 43.

279 2072 316 2112 2)
338 2077 351 2102 Ε·
371 2085 422 2111 pro
446 2085 477 2102 ae
497 2078 525 2103 in
549 2078 618 2110 licio,
641 2078 760 2111 hetende,
782 2078 847 2104 deda
871 2078 918 2104 45.
942 2078 1062 2105 &5148
1080 2078 1166 2111 ἦτα-[α
1191 2077 1333 2104 vomdaeda
1360 2076 1405 2103 19.
1428 2077 1501 2103 elene
1526 2075 1561 2101 79
1585 2075 1643 2101 lene
1668 2074 1712 2101 15.
1734 2075 1849 2109 begeton
1862 2074 1908 2100 58.

160 2124 282 2151 beneman
305 2124 351 2151 21.
383 2125 415 2152 cs.
437 2126 548 2159 gedffle,
579 2127 692 2160 eleonis,
714 2128 805 2153 hemed
830 2129 857 2153 in
881 2128 948 2162 Dipl.
972 2128 1048 2161 Augl,
1073 2127 1103 2153 ed
1128 2127 1234 2153 Kemble
1258 2126 1284 2158 1,
1306 2125 1381 2159 3103
1414 2127 1539 2160 gementi,
1570 2126 1658 2158 ueste,
1681 2124 1799 2158 getestan
1820 2124 1853 2150 ib.
1877 2123 1907 2155 ll,

161 2172 217 2199 120
239 2182 275 2209 sq.
298 2190 337 2194 ——
358 2175 442 2201 Porro
463 2183 513 2210 pro
533 2182 549 2209 y
572 2177 646 2211 apud
669 2181 809 2203 nostrum:
832 2177 944 2203 ontende
968 2177 1022 2207 2³,
1047 2176 1174 2203 ontendes
1199 2176 1245 2209 72,
1271 2171 1402 2211 (ont'ynan
1428 2172 1521 2210 117);
1545 2175 1568 2200 ic
1592 2175 1655 2201 hero
1679 2173 1715 2199 75
1737 2172 1836 2199 herdon
1859 2173 1905 2201 57,

160 2223 288 2256 gebernes
312 2224 366 2257 793
396 2233 429 2251 on
451 2220 577 2252 haenoum
602 2223 644 2261 [in
667 2222 826 2263 humilitate)
847 2226 904 2258 83,
933 2227 1006 2261 qvod
1028 2230 1066 2252 es!
1088 2227 1113 2252 in
1136 2218 1248 2259 Ιιςήὸιιῐη
1275 2226 1354 2251 Elene
1378 2224 1443 2251 210.
1474 2217 1558 2257 Ιῆἠὸει
1585 2224 1687 2257 drogon
1710 2223 1748 2249 Fs.
1773 2221 1839 2255 105,
1861 2221 1905 2247 34.

162 2272 273 2298 Accedit
294 2281 329 2299 ez·
351 2274 448 2308 hymno
470 2279 563 2301 nostro
585 2277 682 2308 gerenti
707 2272 926 2312 (mysteriorum)
954 2275 1001 2308 11,
1025 2276 1195 2309 geilaemdest
1219 2270 1349 2312 (fugasti)
1374 2274 1422 2307 25,
1445 2274 1498 2300 ales
1522 2268 1657 2309 (redime)
1681 2271 1717 2297 33
1740 2272 1812 2306 quod
1835 2272 1905 2297 alias

161 2327 200 2348 est
221 2315 284 2355 atys.
327 2323 359 2350 cr.
383 2323 505 2350 orerecan
528 2325 592 2359 pipi.
617 2325 648 2358 u,
672 2324 736 2351 120.

281 2367 317 2407 3)
339 2380 422 2399 scame
445 2373 498 2406 64,
527 2374 632 2400 lichama
656 2373 701 2401 15.
723 2375 761 2401 42
775 2375 931 2401 flaescliamo
956 2373 1029 2404 14AE
1054 2383 1177 2400 vammum
1200 2373 1245 2399 39.
1270 2369 1335 2399 dane
1356 2369 1450 2410 (eum)
1475 2373 1500 2399 8.
1515 2372 1562 2398 97.
1584 2366 1726 2397 61.0anne
1749 2366 1836 2406 (tum)
1859 2368 1892 2394 81

163 2420 227 2447 115.
250 2429 338 2446 manua
358 2421 385 2448 8.
408 2422 454 2449 32.
477 2424 561 2457 hymn.
584 2423 628 2450 17.
653 2423 689 2450 32
713 2425 796 2451 semel
818 2433 884 2450 mon.
914 2432 1069 2457 manrynnes
1094 2422 1157 2449 141.
1181 2419 1284 2457 gedam:
1307 2422 1354 2454 90,
1377 2418 1506 2456 ingedanc
1527 2421 1591 2447 129.
1612 2418 1678 2446 153.
1693 2419 1761 2451 land,
1783 2419 1842 2452 tang
1855 2421 1903 2444 etc.

162 2474 185 2495 e!
207 2470 363 2505 plerumque
384 2479 414 2496 an
436 2480 486 2506 pro
507 2473 616 2508 rulqari
638 2482 688 2503 on;
707 2483 792 2508 porro
814 2470 892 2505 bara,
917 2474 1054 2508 geciainw,
1077 2473 1229 2506 get-lansod.

280 2516 317 2557 4)
339 2520 475 2554 diormod,
495 2522 561 2548 lioda
577 2543 583 2555 ,
604 2523 665 2556 tior,
688 2523 838 2556 tiofvende,
859 2524 939 2556 lioht,
963 2523 1046 2555 trim,
1071 2518 1162 2555 moda,
1184 2517 1261 2549 oiovn
1285 2524 1333 2547 etc.
1357 2524 1438 2555 alque
1462 2520 1566 2551 hioieu,
1588 2519 1677 2549 biorn,
1701 2517 1783 2549 aiom,
1812 2515 1904 2543 hiorde

1601 2573 1618 2606 1
1632 2572 1670 2590 πμ
