2116 2732
82 122 158 159 xvl

85 220 284 266 Anglosaxo
299 219 488 253 constitutus
506 221 588 259 erat,
616 217 707 260 cujus
725 219 799 261 post
818 220 953 249 mortem
966 213 1036 248 747
1050 211 1285 257 Megingodus‚
1312 210 1433 245 deinde.
1445 209 1654 254 Humbertus,
1676 212 1843 255 Germani,

87 283 190 317 secuti
205 287 288 317 sunt.
315 280 527 326 Sequentium
546 278 697 313 abbatum
714 289 757 312 ne
771 279 901 311 nomina
920 275 1050 322 quidem
1066 279 1141 308 nota
1155 278 1238 309 sunt.
1273 272 1342 307 Sed
1354 274 1416 307 nisi
1435 277 1526 307 certe
1542 272 1692 308 monachi
1710 273 1846 318 Anglo-

87 345 237 380 saxonici
264 343 370 377 denuo
398 340 484 387 apud
511 352 570 376 nos
585 339 827 381 consedissent,
855 340 913 373 vix
937 336 1075 381 intelligi
1090 337 1244 382 potuerit,
1271 346 1367 381 quem
1393 336 1426 369 in
1452 346 1544 369 usum
1562 333 1647 370 liber
1671 335 1847 382 pastoralis

86 406 129 442 ad
156 404 325 441 docendos
353 402 640 449 cohortandosque
666 401 808 436 clericos
836 400 1034 446 compositus
1068 399 1163 444 isque
1196 399 1227 432 in
1262 396 1406 441 linguam
1441 396 1735 442 anglosaxonicam
1762 407 1849 431 con-

88 480 207 504 versus
232 468 293 501 huc
320 478 364 501 ex
390 465 512 510 Anglia
538 465 654 499 allatus
681 465 730 498 sit.

231 530 389 564 Pervenit
412 532 520 562 autem
547 528 617 571 ejus
643 525 718 560 libri
746 522 933 569 exemplum
949 522 992 556 ad
1004 521 1030 556 F
1033 521 1283 556 rideslarianum
1302 520 1358 555 vel
1376 520 1543 555 Fuldense
1559 519 1693 555 aliudve
1709 520 1850 555 Hassiae

89 593 320 629 monasterium
345 601 410 625 non
436 594 512 624 ante
537 589 682 623 ultimum
712 586 837 622 saeculi
863 586 939 619 noni
967 583 1171 618 decennium.
1220 583 1296 629 Ipsa
1323 583 1408 617 enim
1433 582 1602 617 translatio
1637 581 1677 616 ab
1703 581 1850 626 Angliae

90 666 170 701 rege
204 653 355 689 confecta
390 658 441 688 est
480 663 552 686 cum
578 649 799 695 plegmundus
834 647 1101 693 archiepiscopus
1133 644 1379 679 Cantuariensis
1414 648 1523 686 esset,
1563 644 1616 689 qui
1651 655 1679 678 a.
1707 643 1779 677 890
1806 643 1849 678 ibi

90 717 281 753 constitutus
308 720 379 758 est,
407 720 439 749 et
461 724 532 748 cum
559 712 696 747 Londini
719 712 944 757 episcopatum
969 708 1176 743 Heahstanus
1202 718 1229 741 a.
1244 705 1315 740 898
1333 710 1477 740 mortuus
1502 711 1640 740 teneret.
1690 706 1850 740 Alfi-edus

92 791 153 814 rex
177 778 302 825 pluries
328 789 401 812 eam
426 774 612 817 transcribi,
639 772 854 817 omnibusque
879 772 1045 818 episcopis
1071 771 1138 805 suis
1163 770 1241 803 mitti
1258 767 1377 813 jubens
1403 767 1509 812 regali
1536 769 1608 814 ipse
1635 767 1850 802 munificentia

93 841 209 876 librum
255 839 489 884 divulgandum
534 838 670 871 curavit.
738 834 972 879 Fragmentum
1013 831 1239 867 Cassellanum
1286 841 1359 864 cum
1403 829 1586 876 exemplari
1622 828 1850 873 wigorniensi

92 904 243 943 Oxoniae
270 906 405 937 servato
432 901 574 934 maxime
600 898 763 932 convenit.

768 1474 1142 1495 —qooesseosoe
